<collection xmlns="http://www.loc.gov/MARC21/slim">
<record>
  <leader>03660nam0a2200673 i 450 </leader>
  <controlfield tag="001">IT\ICCU\CNCE\006253</controlfield>
  <controlfield tag="005">20020911000000.0</controlfield>
  <datafield tag="012" ind1=" " ind2=" ">
    <subfield code="a">s.i. e.er i,e. DiDi (3) 1520 (R)</subfield>
    <subfield code="2">fei</subfield>
  </datafield>
  <datafield tag="100" ind1=" " ind2=" ">
    <subfield code="a">19970101d1520        0itac0103    ba</subfield>
  </datafield>
  <datafield tag="101" ind1=" " ind2=" ">
    <subfield code="a">ITA</subfield>
  </datafield>
  <datafield tag="102" ind1=" " ind2=" ">
    <subfield code="a">IT</subfield>
  </datafield>
  <datafield tag="200" ind1="1" ind2=" ">
    <subfield code="a">Ameto di messere Giouanni Boccaccio. Con le osseruationi in uolgare grammatica sopra esso di Hieronimo Claricio</subfield>
  </datafield>
  <datafield tag="210" ind1=" " ind2=" ">
    <subfield code="e">Impresso in Milano</subfield>
    <subfield code="g">nella officina Minutiana a ispesa di Andrea Caluo</subfield>
    <subfield code="h">a di X de giugno 1520</subfield>
  </datafield>
  <datafield tag="215" ind1=" " ind2=" ">
    <subfield code="a">\6!, CIIII, \12! c.</subfield>
    <subfield code="d">4ʻ</subfield>
  </datafield>
  <datafield tag="620" ind1=" " ind2=" ">
    <subfield code="a">IT</subfield>
    <subfield code="d">Milano</subfield>
  </datafield>
  <datafield tag="700" ind1=" " ind2="1">
    <subfield code="a">Boccaccio,</subfield>
    <subfield code="b">Giovanni</subfield>
    <subfield code="3">IT\ICCU\CNCA\000142</subfield>
  </datafield>
  <datafield tag="702" ind1=" " ind2="1">
    <subfield code="a">Claricio,</subfield>
    <subfield code="b">Girolamo</subfield>
    <subfield code="3">IT\ICCU\CNCA\001167</subfield>
  </datafield>
  <datafield tag="712" ind1="0" ind2="0">
    <subfield code="a">Minuziano, Alessandro</subfield>
    <subfield code="3">IT\ICCU\CNCT\000404</subfield>
    <subfield code="4">650</subfield>
  </datafield>
  <datafield tag="712" ind1="0" ind2="0">
    <subfield code="a">Calvo, Andrea</subfield>
    <subfield code="3">IT\ICCU\CNCT\000393</subfield>
    <subfield code="4">650</subfield>
  </datafield>
  <datafield tag="790" ind1=" " ind2="1">
    <subfield code="a">Claricio,</subfield>
    <subfield code="b">Gieronimo</subfield>
    <subfield code="3">IT\ICCU\CNCA\013685</subfield>
    <subfield code="z">Claricio, Girolamo</subfield>
  </datafield>
  <datafield tag="790" ind1=" " ind2="1">
    <subfield code="a">Claricius,</subfield>
    <subfield code="b">Hieronymus</subfield>
    <subfield code="3">IT\ICCU\CNCA\013718</subfield>
    <subfield code="z">Claricio, Girolamo</subfield>
  </datafield>
  <datafield tag="791" ind1="0" ind2="0">
    <subfield code="a">Minutianus, Alexander</subfield>
    <subfield code="3">IT\ICCU\CNCT\004001</subfield>
    <subfield code="z">Minuziano, Alessandro</subfield>
  </datafield>
  <datafield tag="791" ind1="0" ind2="2">
    <subfield code="a">Officina Minutiana</subfield>
    <subfield code="3">IT\ICCU\CNCT\005200</subfield>
    <subfield code="z">Minuziano, Alessandro</subfield>
  </datafield>
  <datafield tag="791" ind1="0" ind2="2">
    <subfield code="a">Libraria Minutiana</subfield>
    <subfield code="3">IT\ICCU\CNCT\005201</subfield>
    <subfield code="z">Minuziano, Alessandro</subfield>
  </datafield>
  <datafield tag="791" ind1="0" ind2="0">
    <subfield code="a">Minutiano, Alessandro</subfield>
    <subfield code="3">IT\ICCU\CNCT\005202</subfield>
    <subfield code="z">Minuziano, Alessandro</subfield>
  </datafield>
  <datafield tag="791" ind1="0" ind2="0">
    <subfield code="a">Calvus, Andreas</subfield>
    <subfield code="3">IT\ICCU\CNCT\004409</subfield>
    <subfield code="z">Calvo, Andrea</subfield>
  </datafield>
  <datafield tag="791" ind1="0" ind2="0">
    <subfield code="a">Calvi, Andrea</subfield>
    <subfield code="3">IT\ICCU\CNCT\004410</subfield>
    <subfield code="z">Calvo, Andrea</subfield>
  </datafield>
  <datafield tag="801" ind1=" " ind2="3">
    <subfield code="a">IT</subfield>
    <subfield code="b">ICCU</subfield>
    <subfield code="c">20201113</subfield>
  </datafield>
  <datafield tag="899" ind1=" " ind2=" ">
    <subfield code="a">Biblioteca dell&apos;Istituto superiore di teologia ecumenica S. Nicola. Bari</subfield>
    <subfield code="1">BA0131</subfield>
    <subfield code="2">ZBA 01</subfield>
  </datafield>
  <datafield tag="899" ind1=" " ind2=" ">
    <subfield code="a">Biblioteca universitaria. Bologna</subfield>
    <subfield code="1">BO0098</subfield>
    <subfield code="2">UBO BU</subfield>
  </datafield>
  <datafield tag="899" ind1=" " ind2=" ">
    <subfield code="a">Biblioteca comunale. Imola</subfield>
    <subfield code="1">BO0199</subfield>
    <subfield code="2">UBO BC</subfield>
  </datafield>
  <datafield tag="899" ind1=" " ind2=" ">
    <subfield code="a">Biblioteca della Fondazione Ugo da Como. Lonato</subfield>
    <subfield code="1">BS0092</subfield>
    <subfield code="2">LO1 18</subfield>
  </datafield>
  <datafield tag="899" ind1=" " ind2=" ">
    <subfield code="a">Biblioteca del Seminario vescovile Santa Maria della Pace. Cremona</subfield>
    <subfield code="1">CR0061</subfield>
    <subfield code="2">PBE 48</subfield>
  </datafield>
  <datafield tag="899" ind1=" " ind2=" ">
    <subfield code="a">Biblioteca Apostolica Vaticana. Citt ̉del Vaticano</subfield>
    <subfield code="1">EX0001</subfield>
    <subfield code="2">ZCV 01</subfield>
  </datafield>
  <datafield tag="899" ind1=" " ind2=" ">
    <subfield code="a">Biblioteca comunale Aurelio Saffi. Forl</subfield>
    <subfield code="1">FC0018</subfield>
    <subfield code="2">RAV FO</subfield>
  </datafield>
  <datafield tag="899" ind1=" " ind2=" ">
    <subfield code="a">Biblioteca comunale A. Minuziano. San Severo</subfield>
    <subfield code="1">FG0096</subfield>
    <subfield code="2">FOG 33</subfield>
  </datafield>
  <datafield tag="899" ind1=" " ind2=" ">
    <subfield code="a">Biblioteca nazionale centrale. Firenze</subfield>
    <subfield code="1">FI0098</subfield>
    <subfield code="2">CFI CF</subfield>
  </datafield>
  <datafield tag="899" ind1=" " ind2=" ">
    <subfield code="a">Biblioteca Medicea Laurenziana. Firenze</subfield>
    <subfield code="1">FI0100</subfield>
    <subfield code="2">CFI ML</subfield>
  </datafield>
  <datafield tag="899" ind1=" " ind2=" ">
    <subfield code="a">Biblioteca della Fondazione Ezio Franceschini. Firenze</subfield>
    <subfield code="1">FI0322</subfield>
    <subfield code="2">UFI FF</subfield>
  </datafield>
  <datafield tag="899" ind1=" " ind2=" ">
    <subfield code="a">Biblioteca Durazzo. Genova</subfield>
    <subfield code="1">GE0047</subfield>
    <subfield code="2">ZGE 24</subfield>
  </datafield>
  <datafield tag="899" ind1=" " ind2=" ">
    <subfield code="a">Biblioteca statale. Lucca</subfield>
    <subfield code="1">LU0022</subfield>
    <subfield code="2">LUA BL</subfield>
  </datafield>
  <datafield tag="899" ind1=" " ind2=" ">
    <subfield code="a">Biblioteca nazionale Braidense. Milano</subfield>
    <subfield code="1">MI0185</subfield>
    <subfield code="2">MIL NB</subfield>
  </datafield>
  <datafield tag="899" ind1=" " ind2=" ">
    <subfield code="a">Archivio storico civico e Biblioteca Trivulziana. Milano</subfield>
    <subfield code="1">MI0327</subfield>
    <subfield code="2">LO1 13</subfield>
  </datafield>
  <datafield tag="899" ind1=" " ind2=" ">
    <subfield code="a">Biblioteca civica d&apos;arte Luigi Poletti. Modena</subfield>
    <subfield code="1">MO0059</subfield>
    <subfield code="2">MOD PO</subfield>
  </datafield>
  <datafield tag="899" ind1=" " ind2=" ">
    <subfield code="a">Biblioteca nazionale Vittorio Emanuele III. Napoli</subfield>
    <subfield code="1">NA0079</subfield>
    <subfield code="2">NAP BN</subfield>
  </datafield>
  <datafield tag="899" ind1=" " ind2=" ">
    <subfield code="a">Biblioteca Guarnacci. Volterra</subfield>
    <subfield code="1">PI0176</subfield>
    <subfield code="2">RT1 QV</subfield>
  </datafield>
  <datafield tag="899" ind1=" " ind2=" ">
    <subfield code="a">Biblioteca Palatina. Parma</subfield>
    <subfield code="1">PR0072</subfield>
    <subfield code="2">PAR PA</subfield>
  </datafield>
  <datafield tag="899" ind1=" " ind2=" ">
    <subfield code="a">Biblioteca Oliveriana. Pesaro</subfield>
    <subfield code="1">PU0061</subfield>
    <subfield code="2">URB OL</subfield>
  </datafield>
  <datafield tag="899" ind1=" " ind2=" ">
    <subfield code="a">Biblioteca universitaria. Pavia</subfield>
    <subfield code="1">PV0291</subfield>
    <subfield code="2">MIL UP</subfield>
  </datafield>
  <datafield tag="899" ind1=" " ind2=" ">
    <subfield code="a">Biblioteca Angelica. Roma</subfield>
    <subfield code="1">RM0290</subfield>
    <subfield code="2">RML 06</subfield>
  </datafield>
  <datafield tag="899" ind1=" " ind2=" ">
    <subfield code="a">Biblioteca Casanatense. Roma</subfield>
    <subfield code="1">RM0313</subfield>
    <subfield code="2">RML 07</subfield>
  </datafield>
  <datafield tag="899" ind1=" " ind2=" ">
    <subfield code="a">Biblioteca dell&apos;Accademia nazionale dei Lincei e Corsiniana. Roma</subfield>
    <subfield code="1">RM0418</subfield>
    <subfield code="2">RML 10</subfield>
  </datafield>
  <datafield tag="899" ind1=" " ind2=" ">
    <subfield code="a">Biblioteca comunale degli Intronati. Siena</subfield>
    <subfield code="1">SI0046</subfield>
    <subfield code="2">RT1 QI</subfield>
  </datafield>
  <datafield tag="899" ind1=" " ind2=" ">
    <subfield code="a">Biblioteca civica A. Hortis. Trieste</subfield>
    <subfield code="1">TS0013</subfield>
    <subfield code="2">TSA BC</subfield>
  </datafield>
  <datafield tag="899" ind1=" " ind2=" ">
    <subfield code="a">Biblioteca comunale. Treviso</subfield>
    <subfield code="1">TV0114</subfield>
    <subfield code="2">VIA CT</subfield>
  </datafield>
  <datafield tag="899" ind1=" " ind2=" ">
    <subfield code="a">Biblioteca Arcivescovile. Udine</subfield>
    <subfield code="1">UD0100</subfield>
    <subfield code="2">ZUD 11</subfield>
  </datafield>
  <datafield tag="899" ind1=" " ind2=" ">
    <subfield code="a">British Library. London</subfield>
    <subfield code="1">UK0001</subfield>
  </datafield>
  <datafield tag="899" ind1=" " ind2=" ">
    <subfield code="a">Biblioteca nazionale Marciana. Venezia</subfield>
    <subfield code="1">VE0049</subfield>
    <subfield code="2">VEA BM</subfield>
  </datafield>
  <datafield tag="899" ind1=" " ind2=" ">
    <subfield code="a">Biblioteca del Seminario vescovile. Verona</subfield>
    <subfield code="1">VR0061</subfield>
    <subfield code="2">PBE 83</subfield>
  </datafield>
</record>
</collection>
